<?xml version="1.0" encoding="UTF-8"?><collection xmlns="info:lc/xmlns/marcxchange-v2" xmlns:xsi="http://www.w3.org/2001/XMLSchema-instance" xsi:schemaLocation="info:lc/xmlns/marcxchange-v2 http://www.loc.gov/standards/iso25577/marcxchange-2-0.xsd"><record format="MARC21" type="Bibliographic"><leader>01522nas a2200385 c 4500</leader><controlfield tag="001">010000011</controlfield><controlfield tag="003">DE-101</controlfield><controlfield tag="005">20090911214751.0</controlfield><controlfield tag="007">tu</controlfield><controlfield tag="008">991118d19691969gw u||p|r ||| 0||||0ger c</controlfield><datafield tag="016" ind1="7" ind2=" "><subfield code="2">DE-101</subfield><subfield code="a">010000011</subfield></datafield><datafield tag="016" ind1="7" ind2=" "><subfield code="2">DE-600</subfield><subfield code="a">5-x</subfield></datafield><datafield tag="035" ind1=" " ind2=" "><subfield code="a">(DE-599)ZDB5-x</subfield></datafield><datafield tag="035" ind1=" " ind2=" "><subfield code="a">(OCoLC)183277955</subfield></datafield><datafield tag="040" ind1=" " ind2=" "><subfield code="a">9001</subfield><subfield code="b">ger</subfield><subfield code="c">DE-101</subfield><subfield code="d">9999</subfield></datafield><datafield tag="041" ind1=" " ind2=" "><subfield code="a">ger</subfield></datafield><datafield tag="044" ind1=" " ind2=" "><subfield code="c">XA-DE</subfield></datafield><datafield tag="084" ind1=" " ind2=" "><subfield code="a">050</subfield><subfield code="a">940</subfield><subfield code="q">DE-600</subfield><subfield code="2">sdnb</subfield></datafield><datafield tag="245" ind1="1" ind2="0"><subfield code="a">A bis Z</subfield><subfield code="b">ein Taschen- u. Nachschlagebuch über d. anderen Teil Deutschlands</subfield><subfield code="c">hrsg. vom Bundesministerium für Gesamtdeutsche Fragen. Red. Günter Fischbach</subfield></datafield><datafield tag="260" ind1="3" ind2=" "><subfield code="a">Bonn</subfield><subfield code="b">Dt. Bundes-Verl.</subfield></datafield><datafield tag="362" ind1="0" ind2=" "><subfield code="a">Aufl. 11.1969</subfield></datafield><datafield tag="591" ind1=" " ind2=" "><subfield code="a">F/BAC</subfield></datafield><datafield tag="650" ind1=" " ind2="7"><subfield code="0">(DE-588)4066724-8</subfield><subfield code="0">(DE-101)040667243</subfield><subfield code="a">Wörterbuch</subfield><subfield code="2">gnd</subfield></datafield><datafield tag="651" ind1=" " ind2="7"><subfield code="0">(DE-588)4011890-3</subfield><subfield code="0">(DE-101)040118908</subfield><subfield code="a">Deutschland</subfield><subfield code="g">DDR</subfield><subfield code="2">gnd</subfield></datafield><datafield tag="651" ind1=" " ind2="7"><subfield code="0">(DE-588)4011890-3</subfield><subfield code="0">(DE-101)040118908</subfield><subfield code="a">Deutschland</subfield><subfield code="g">DDR</subfield><subfield code="2">gnd</subfield></datafield><datafield tag="655" ind1=" " ind2="7"><subfield code="a">Wörterbuch</subfield><subfield code="2">gnd</subfield></datafield><datafield tag="689" ind1="0" ind2="0"><subfield code="0">(DE-588)4011890-3</subfield><subfield code="0">(DE-101)040118908</subfield><subfield code="D">g</subfield><subfield code="a">Deutschland</subfield><subfield code="g">DDR</subfield></datafield><datafield tag="689" ind1="0" ind2="1"><subfield code="0">(DE-588)4066724-8</subfield><subfield code="0">(DE-101)040667243</subfield><subfield code="D">s</subfield><subfield code="a">Wörterbuch</subfield></datafield><datafield tag="689" ind1="0" ind2=" "><subfield code="5">DE-600</subfield><subfield code="5">DE-600</subfield></datafield><datafield tag="689" ind1="1" ind2="0"><subfield code="0">(DE-588)4011890-3</subfield><subfield code="0">(DE-101)040118908</subfield><subfield code="D">g</subfield><subfield code="a">Deutschland</subfield><subfield code="g">DDR</subfield></datafield><datafield tag="689" ind1="1" ind2="1"><subfield code="A">f</subfield><subfield code="a">Wörterbuch</subfield></datafield><datafield tag="689" ind1="1" ind2=" "><subfield code="5">DE-600</subfield><subfield code="5">DE-600</subfield></datafield><datafield tag="710" ind1="1" ind2=" "><subfield code="0">(DE-588)2028926-1</subfield><subfield code="0">(DE-101)004854950</subfield><subfield code="a">Deutschland</subfield><subfield code="g">Bundesrepublik</subfield><subfield code="b">Bundesminister für Gesamtdeutsche Fragen</subfield></datafield><datafield tag="780" ind1="0" ind2="0"><subfield code="i">Vorg.:</subfield><subfield code="t">SBZ von A bis Z</subfield><subfield code="w">(DE-600)874-6</subfield><subfield code="w">(DE-101)010008896</subfield></datafield><datafield tag="785" ind1="0" ind2="0"><subfield code="i">Forts.:</subfield><subfield code="t">DDR-Handbuch</subfield><subfield code="w">(DE-600)130385-5</subfield><subfield code="w">(DE-101)010746765</subfield></datafield></record>