<record format="MARC21" type="Bibliographic"><leader>02523nas a2200673 c 4500</leader><controlfield tag="001">010000038</controlfield><controlfield tag="003">DE-101</controlfield><controlfield tag="005">20110111105737.0</controlfield><controlfield tag="007">tu</controlfield><controlfield tag="008">991118d19642006xx z||p|r ||| 0||||0ger c</controlfield><datafield tag="015" ind1=" " ind2=" "><subfield code="a">97,B12,0347</subfield><subfield code="2">dnb</subfield></datafield><datafield tag="016" ind1="7" ind2=" "><subfield code="2">DE-101</subfield><subfield code="a">010000038</subfield></datafield><datafield tag="016" ind1="7" ind2=" "><subfield code="2">DE-600</subfield><subfield code="a">9-7</subfield></datafield><datafield tag="022" ind1=" " ind2=" "><subfield code="a">0070-7260</subfield></datafield><datafield tag="029" ind1="a" ind2="a"><subfield code="a">0070-7260 = Malakologische Abhandlungen</subfield></datafield><datafield tag="030" ind1=" " ind2=" "><subfield code="a">SMTMB</subfield></datafield><datafield tag="035" ind1=" " ind2=" "><subfield code="a">(DE-599)ZDB9-7</subfield></datafield><datafield tag="035" ind1=" " ind2=" "><subfield code="a">(OCoLC)643914482</subfield></datafield><datafield tag="040" ind1=" " ind2=" "><subfield code="a">9001</subfield><subfield code="b">ger</subfield><subfield code="c">DE-101</subfield><subfield code="d">9001</subfield></datafield><datafield tag="041" ind1=" " ind2=" "><subfield code="a">ger</subfield></datafield><datafield tag="044" ind1=" " ind2=" "><subfield code="c">XA-DDDE</subfield><subfield code="c">XA-DE</subfield></datafield><datafield tag="084" ind1=" " ind2=" "><subfield code="a">590</subfield><subfield code="q">DE-101</subfield><subfield code="2">sdnb</subfield></datafield><datafield tag="084" ind1=" " ind2=" "><subfield code="a">12,2</subfield><subfield code="2">ssgn</subfield></datafield><datafield tag="084" ind1=" " ind2=" "><subfield code="a">590</subfield><subfield code="q">DE-600</subfield><subfield code="2">sdnb</subfield></datafield><datafield tag="210" ind1="1" ind2="0"><subfield code="a">MALAKOL ABH (DRES)</subfield></datafield><datafield tag="210" ind1="1" ind2="0"><subfield code="a">Malakol. Abh.</subfield></datafield><datafield tag="222" ind1=" " ind2="0"><subfield code="a">Malakologische Abhandlungen</subfield></datafield><datafield tag="245" ind1="1" ind2="0"><subfield code="a">Malakologische Abhandlungen</subfield><subfield code="c">Staatliches Museum für Tierkunde Dresden</subfield></datafield><datafield tag="247" ind1="1" ind2="0"><subfield code="a">Malakologische Abhandlungen aus dem Staatlichen Museum für Tierkunde Dresden</subfield><subfield code="f">Nebent. ab 13.1988</subfield></datafield><datafield tag="260" ind1="3" ind2=" "><subfield code="a">Dresden</subfield><subfield code="b">Museum für Tierkunde</subfield></datafield><datafield tag="260" ind1=" " ind2=" "><subfield code="a">Leipzig</subfield><subfield code="b">Geest &amp; Porting</subfield><subfield code="c">anfangs</subfield></datafield><datafield tag="300" ind1=" " ind2=" "><subfield code="c">24 cm</subfield></datafield><datafield tag="362" ind1="0" ind2=" "><subfield code="a">1.1964/67 - 24.2006</subfield></datafield><datafield tag="363" ind1="0" ind2="0"><subfield code="8">1.1\x</subfield><subfield code="i">1964/67</subfield></datafield><datafield tag="363" ind1="1" ind2="0"><subfield code="8">1.2\x</subfield><subfield code="i">2006</subfield></datafield><datafield tag="365" ind1=" " ind2=" "><subfield code="b">brosch. : M 19.50 (Einzelbd.)</subfield></datafield><datafield tag="515" ind1=" " ind2=" "><subfield code="a">Ersch. unregelmäßig</subfield></datafield><datafield tag="550" ind1=" " ind2=" "><subfield code="a">Hrsg. anfangs: W. Götz</subfield></datafield><datafield tag="591" ind1=" " ind2=" "><subfield code="a">14!IIA!(07-05-07)C!(06-08-07)</subfield></datafield><datafield tag="610" ind1="1" ind2="7"><subfield code="0">(DE-588)4219481-7</subfield><subfield code="0">(DE-101)042194814</subfield><subfield code="a">Museum für Tierkunde Dresden</subfield><subfield code="2">gnd</subfield></datafield><datafield tag="650" ind1=" " ind2="7"><subfield code="0">(DE-588)4060087-7</subfield><subfield code="0">(DE-101)040600874</subfield><subfield code="a">Tiere</subfield><subfield code="2">gnd</subfield></datafield><datafield tag="650" ind1=" " ind2="7"><subfield code="0">(DE-588)4352566-0</subfield><subfield code="0">(DE-101)942342860</subfield><subfield code="a">Weichtierkunde</subfield><subfield code="2">gnd</subfield></datafield><datafield tag="650" ind1=" " ind2="7"><subfield code="2">local</subfield><subfield code="a">Weichtiere</subfield></datafield><datafield tag="651" ind1=" " ind2="7"><subfield code="0">(DE-588)4051176-5</subfield><subfield code="0">(DE-101)040511766</subfield><subfield code="a">Sachsen</subfield><subfield code="2">gnd</subfield></datafield><datafield tag="655" ind1=" " ind2="7"><subfield code="a">Zeitschrift</subfield><subfield code="2">gnd</subfield></datafield><datafield tag="655" ind1=" " ind2="7"><subfield code="a">Zeitschrift</subfield><subfield code="2">gnd</subfield></datafield><datafield tag="689" ind1="0" ind2="0"><subfield code="0">(DE-588)4219481-7</subfield><subfield code="0">(DE-101)042194814</subfield><subfield code="D">b</subfield><subfield code="a">Museum für Tierkunde Dresden</subfield></datafield><datafield tag="689" ind1="0" ind2="1"><subfield code="A">f</subfield><subfield code="a">Zeitschrift</subfield></datafield><datafield tag="689" ind1="0" ind2=" "><subfield code="5">DE-600</subfield><subfield code="5">DE-600</subfield></datafield><datafield tag="689" ind1="1" ind2="0"><subfield code="0">(DE-588)4051176-5</subfield><subfield code="0">(DE-101)040511766</subfield><subfield code="D">g</subfield><subfield code="a">Sachsen</subfield></datafield><datafield tag="689" ind1="1" ind2="1"><subfield code="0">(DE-588)4060087-7</subfield><subfield code="0">(DE-101)040600874</subfield><subfield code="D">s</subfield><subfield code="a">Tiere</subfield></datafield><datafield tag="689" ind1="1" ind2="2"><subfield code="0">(DE-588)4352566-0</subfield><subfield code="0">(DE-101)942342860</subfield><subfield code="D">s</subfield><subfield code="a">Weichtierkunde</subfield></datafield><datafield tag="689" ind1="1" ind2="3"><subfield code="A">f</subfield><subfield code="a">Zeitschrift</subfield></datafield><datafield tag="689" ind1="1" ind2=" "><subfield code="5">DE-600</subfield><subfield code="5">DE-600</subfield></datafield><datafield tag="710" ind1="2" ind2=" "><subfield code="0">(DE-588)35521-5</subfield><subfield code="0">(DE-101)000355216</subfield><subfield code="a">Staatliches Museum für Tierkunde Dresden</subfield></datafield><datafield tag="780" ind1="0" ind2="0"><subfield code="i">Vorg.:</subfield><subfield code="a">Staatliches Museum für Tierkunde Dresden</subfield><subfield code="t">Abhandlungen und Berichte aus dem Staatlichen Museum für Tierkunde in Dresden</subfield><subfield code="w">(DE-600)6068-9</subfield><subfield code="w">(DE-101)010081739</subfield></datafield><datafield tag="785" ind1="0" ind2="0"><subfield code="i">Forts.:</subfield><subfield code="t">Mollusca</subfield><subfield code="w">(DE-600)2280187-X</subfield><subfield code="w">(DE-101)983950105</subfield></datafield><datafield tag="889" ind1=" " ind2=" "><subfield code="w">(DE-101)550196447</subfield></datafield><datafield tag="925" ind1="r" ind2=" "><subfield code="a">rb</subfield></datafield></record>