<record format="MARC21" type="Bibliographic"><leader>00967nas a2200265 c 4500</leader><controlfield tag="001">010000046</controlfield><controlfield tag="003">DE-101</controlfield><controlfield tag="005">20070627061749.0</controlfield><controlfield tag="007">tu</controlfield><controlfield tag="008">991118d19491964it u||p|r b|| 0||||0||| c</controlfield><datafield tag="016" ind1="7" ind2=" "><subfield code="2">DE-101</subfield><subfield code="a">010000046</subfield></datafield><datafield tag="016" ind1="7" ind2=" "><subfield code="2">DE-600</subfield><subfield code="a">10-3</subfield></datafield><datafield tag="035" ind1=" " ind2=" "><subfield code="a">(DE-599)ZDB10-3</subfield></datafield><datafield tag="035" ind1=" " ind2=" "><subfield code="a">(OCoLC)183215696</subfield></datafield><datafield tag="040" ind1=" " ind2=" "><subfield code="a">9001</subfield><subfield code="b">ger</subfield><subfield code="c">DE-101</subfield><subfield code="d">0012</subfield></datafield><datafield tag="044" ind1=" " ind2=" "><subfield code="c">XA-IT</subfield></datafield><datafield tag="084" ind1=" " ind2=" "><subfield code="a">540</subfield><subfield code="q">DE-600</subfield><subfield code="2">sdnb</subfield></datafield><datafield tag="245" ind1="1" ind2="0"><subfield code="a">Bibliografia polarografica</subfield><subfield code="n">P. 1, Elenco dei lavori e indice degli autori</subfield><subfield code="c">Consiglio Nazionale delle Ricerche, Centro di Studio per la Polarografia</subfield></datafield><datafield tag="246" ind1="1" ind2="9"><subfield code="a">Bibliografia polarografica / 1</subfield></datafield><datafield tag="260" ind1="3" ind2=" "><subfield code="a">Spoleto</subfield><subfield code="b">[s.n.]</subfield></datafield><datafield tag="362" ind1="0" ind2=" "><subfield code="a">[1/3.]1922/49(1949); 4.1922/51(1951) - 15.1922/62(1964)</subfield></datafield><datafield tag="591" ind1=" " ind2=" "><subfield code="a">C</subfield></datafield><datafield tag="772" ind1="0" ind2="8"><subfield code="i">Beil. zu:</subfield><subfield code="t">&#x98;La&#x9c; ricerca scientifica</subfield><subfield code="w">(DE-600)205482-6</subfield><subfield code="w">(DE-101)011179724</subfield></datafield><datafield tag="785" ind1="0" ind2="0"><subfield code="i">Forts.:</subfield><subfield code="t">Bibliografia polarografica / 1 2</subfield><subfield code="w">(DE-600)3564-6</subfield><subfield code="w">(DE-101)010053565</subfield></datafield><datafield tag="930" ind1=" " ind2=" "><subfield code="r">P. 1, Elenco dei lavori e indice degli autori</subfield></datafield></record>