<record format="MARC21" type="Bibliographic"><leader>01359nas a2200361 c 4500</leader><controlfield tag="001">010000054</controlfield><controlfield tag="003">DE-101</controlfield><controlfield tag="005">20111123211515.0</controlfield><controlfield tag="007">tu</controlfield><controlfield tag="008">991118d19431986gw z||p|r ||| 0||||0ger c</controlfield><datafield tag="016" ind1="7" ind2=" "><subfield code="2">DE-101</subfield><subfield code="a">010000054</subfield></datafield><datafield tag="016" ind1="7" ind2=" "><subfield code="2">DE-600</subfield><subfield code="a">12-7</subfield></datafield><datafield tag="022" ind1=" " ind2=" "><subfield code="a">0078-6799</subfield></datafield><datafield tag="022" ind1=" " ind2=" "><subfield code="a">0371-5264</subfield></datafield><datafield tag="030" ind1=" " ind2=" "><subfield code="a">TAOGA</subfield></datafield><datafield tag="035" ind1=" " ind2=" "><subfield code="a">(DE-599)ZDB12-7</subfield></datafield><datafield tag="035" ind1=" " ind2=" "><subfield code="a">(OCoLC)263588241</subfield></datafield><datafield tag="040" ind1=" " ind2=" "><subfield code="a">9001</subfield><subfield code="b">ger</subfield><subfield code="c">DE-101</subfield><subfield code="d">9999</subfield></datafield><datafield tag="041" ind1=" " ind2=" "><subfield code="a">ger</subfield></datafield><datafield tag="044" ind1=" " ind2=" "><subfield code="c">XA-DE</subfield></datafield><datafield tag="084" ind1=" " ind2=" "><subfield code="a">600</subfield><subfield code="q">DE-600</subfield><subfield code="2">sdnb</subfield></datafield><datafield tag="110" ind1="2" ind2=" "><subfield code="0">(DE-588)35536-7</subfield><subfield code="0">(DE-101)000355364</subfield><subfield code="a">Osram-Gesellschaft</subfield><subfield code="g">München; Berlin, West</subfield><subfield code="4">aut</subfield></datafield><datafield tag="210" ind1="1" ind2="0"><subfield code="a">Tech.-Wiss. Abh. Osram-Ges.</subfield></datafield><datafield tag="245" ind1="1" ind2="0"><subfield code="a">Technisch-wissenschaftliche Abhandlungen der Osram-Gesellschaft</subfield><subfield code="c">hrsg. unter Mitw. ... von Wilfried Meyer</subfield></datafield><datafield tag="260" ind1="3" ind2=" "><subfield code="a">Berlin</subfield><subfield code="a">Göttingen</subfield><subfield code="a">Heidelberg</subfield><subfield code="b">Springer</subfield></datafield><datafield tag="362" ind1="0" ind2=" "><subfield code="a">5.1943; 6.1953 - 11.1973; 12.1986; damit Ersch. eingest.</subfield></datafield><datafield tag="591" ind1=" " ind2=" "><subfield code="a">C</subfield></datafield><datafield tag="650" ind1=" " ind2="7"><subfield code="0">(DE-588)4035633-4</subfield><subfield code="0">(DE-101)040356337</subfield><subfield code="a">Lichttechnik</subfield><subfield code="2">gnd</subfield></datafield><datafield tag="650" ind1=" " ind2="7"><subfield code="0">(DE-588)4067488-5</subfield><subfield code="0">(DE-101)040674886</subfield><subfield code="a">Zeitschrift</subfield><subfield code="2">gnd</subfield></datafield><datafield tag="689" ind1="0" ind2="0"><subfield code="0">(DE-588)4035633-4</subfield><subfield code="0">(DE-101)040356337</subfield><subfield code="D">s</subfield><subfield code="a">Lichttechnik</subfield></datafield><datafield tag="689" ind1="0" ind2="1"><subfield code="0">(DE-588)4067488-5</subfield><subfield code="0">(DE-101)040674886</subfield><subfield code="D">s</subfield><subfield code="a">Zeitschrift</subfield></datafield><datafield tag="689" ind1="0" ind2=" "><subfield code="5">DE-600</subfield><subfield code="5">DE-600</subfield></datafield><datafield tag="780" ind1="0" ind2="0"><subfield code="i">Vorg.:</subfield><subfield code="a">Osram-Konzern &lt;Berlin></subfield><subfield code="t">Technisch-wissenschaftliche Abhandlungen aus dem Osram-Konzern</subfield><subfield code="w">(DE-600)502428-6</subfield><subfield code="w">(DE-101)012625787</subfield></datafield></record>