<record format="MARC21" type="Bibliographic"><leader>02086nas a2200553 c 4500</leader><controlfield tag="001">010000062</controlfield><controlfield tag="003">DE-101</controlfield><controlfield tag="005">20100713165615.0</controlfield><controlfield tag="007">tu</controlfield><controlfield tag="008">991118d19612006xx z||p|r ||| 0||||0ger c</controlfield><datafield tag="015" ind1=" " ind2=" "><subfield code="a">96,B09,0553</subfield><subfield code="2">dnb</subfield></datafield><datafield tag="016" ind1="7" ind2=" "><subfield code="2">DE-101</subfield><subfield code="a">010000062</subfield></datafield><datafield tag="016" ind1="7" ind2=" "><subfield code="2">DE-600</subfield><subfield code="a">13-9</subfield></datafield><datafield tag="022" ind1=" " ind2=" "><subfield code="a">0070-7287</subfield></datafield><datafield tag="022" ind1=" " ind2=" "><subfield code="a">0375-5231</subfield></datafield><datafield tag="029" ind1="a" ind2="a"><subfield code="a">0375-5231 = Zoologische Abhandlungen</subfield></datafield><datafield tag="030" ind1=" " ind2=" "><subfield code="a">ZASMA</subfield></datafield><datafield tag="035" ind1=" " ind2=" "><subfield code="a">(DE-599)ZDB13-9</subfield></datafield><datafield tag="035" ind1=" " ind2=" "><subfield code="a">(OCoLC)643926073</subfield></datafield><datafield tag="040" ind1=" " ind2=" "><subfield code="a">9001</subfield><subfield code="b">ger</subfield><subfield code="c">DE-101</subfield><subfield code="d">9999</subfield></datafield><datafield tag="041" ind1=" " ind2=" "><subfield code="a">ger</subfield><subfield code="a">eng</subfield></datafield><datafield tag="044" ind1=" " ind2=" "><subfield code="c">XA-DDDE</subfield><subfield code="c">XA-DE</subfield></datafield><datafield tag="082" ind1="0" ind2="4"><subfield code="8">1\x</subfield><subfield code="a">590.5</subfield><subfield code="q">DE-101</subfield><subfield code="2">22/ger</subfield></datafield><datafield tag="084" ind1=" " ind2=" "><subfield code="a">590</subfield><subfield code="q">DE-101</subfield><subfield code="2">sdnb</subfield></datafield><datafield tag="084" ind1=" " ind2=" "><subfield code="a">12,2</subfield><subfield code="2">ssgn</subfield></datafield><datafield tag="084" ind1=" " ind2=" "><subfield code="a">590</subfield><subfield code="q">DE-600</subfield><subfield code="2">sdnb</subfield></datafield><datafield tag="085" ind1=" " ind2=" "><subfield code="8">1\x</subfield><subfield code="b">590</subfield></datafield><datafield tag="085" ind1=" " ind2=" "><subfield code="8">1\x</subfield><subfield code="z">1</subfield><subfield code="s">05</subfield></datafield><datafield tag="210" ind1="1" ind2="0"><subfield code="a">ZOOL ABH (DRESD)</subfield></datafield><datafield tag="222" ind1=" " ind2="0"><subfield code="a">Zoologische Abhandlungen</subfield></datafield><datafield tag="245" ind1="1" ind2="0"><subfield code="a">Zoologische Abhandlungen</subfield><subfield code="c">Staatliche Naturhistorische Sammlungen Dresden, Museum für Tierkunde</subfield></datafield><datafield tag="247" ind1="1" ind2="0"><subfield code="a">Zoologische Abhandlungen aus dem Staatlichen Museum für Tierkunde Dresden</subfield><subfield code="f">Hauptsacht. auf d. Jg.-Titelbl. 42.1986/87 - 51.2000/01</subfield></datafield><datafield tag="247" ind1="1" ind2="0"><subfield code="a">Abhandlungen und Berichte aus dem Staatlichen Museum für Tierkunde in Dresden</subfield><subfield code="f">Nebent. 26.1961/64</subfield></datafield><datafield tag="247" ind1="1" ind2="0"><subfield code="a">Zoologische Abhandlungen und Berichte</subfield><subfield code="f">Hauptsacht. teils</subfield></datafield><datafield tag="260" ind1="3" ind2=" "><subfield code="a">Dresden</subfield><subfield code="b">Museum für Tierkunde</subfield></datafield><datafield tag="260" ind1=" " ind2=" "><subfield code="a">Leipzig</subfield><subfield code="b">Geest &amp; Portig</subfield><subfield code="c">anfangs</subfield></datafield><datafield tag="300" ind1=" " ind2=" "><subfield code="c">25 cm</subfield></datafield><datafield tag="362" ind1="0" ind2=" "><subfield code="a">26.1961/64 - 56.2006</subfield></datafield><datafield tag="363" ind1="0" ind2="0"><subfield code="8">1.1\x</subfield><subfield code="i">1961/64</subfield></datafield><datafield tag="363" ind1="1" ind2="0"><subfield code="8">1.2\x</subfield><subfield code="i">2006</subfield></datafield><datafield tag="515" ind1=" " ind2=" "><subfield code="a">Ersch. unregelmäßig</subfield></datafield><datafield tag="591" ind1=" " ind2=" "><subfield code="a">F/C</subfield></datafield><datafield tag="650" ind1=" " ind2="7"><subfield code="2">local</subfield><subfield code="a">Zoologie</subfield><subfield code="x">Periodika</subfield></datafield><datafield tag="710" ind1="2" ind2=" "><subfield code="0">(DE-588)35521-5</subfield><subfield code="0">(DE-101)000355216</subfield><subfield code="a">Staatliches Museum für Tierkunde Dresden</subfield></datafield><datafield tag="775" ind1="0" ind2="8"><subfield code="i">Online-Ausg.</subfield><subfield code="t">Zoologische Abhandlungen</subfield><subfield code="w">(DE-600)2392089-0</subfield><subfield code="w">(DE-101)986049786</subfield></datafield><datafield tag="780" ind1="0" ind2="0"><subfield code="i">Vorg.:</subfield><subfield code="a">Staatliches Museum für Tierkunde Dresden</subfield><subfield code="t">Abhandlungen und Berichte aus dem Staatlichen Museum für Tierkunde in Dresden</subfield><subfield code="w">(DE-600)6068-9</subfield><subfield code="w">(DE-101)010081739</subfield></datafield><datafield tag="785" ind1="0" ind2="0"><subfield code="i">Forts.:</subfield><subfield code="t">Vertebrate zoology</subfield><subfield code="w">(DE-600)2383989-2</subfield><subfield code="w">(DE-101)985426152</subfield></datafield><datafield tag="889" ind1=" " ind2=" "><subfield code="w">(DE-101)540322814</subfield></datafield><datafield tag="925" ind1="r" ind2=" "><subfield code="a">rb</subfield></datafield></record>