<record format="MARC21" type="Bibliographic"><leader>01148nas a2200289 c 4500</leader><controlfield tag="001">010000070</controlfield><controlfield tag="003">DE-101</controlfield><controlfield tag="005">20050603141946.0</controlfield><controlfield tag="007">tu</controlfield><controlfield tag="008">991118d19651965xxuu||p|r b|| 0||||0eng c</controlfield><datafield tag="016" ind1="7" ind2=" "><subfield code="2">DE-101</subfield><subfield code="a">010000070</subfield></datafield><datafield tag="016" ind1="7" ind2=" "><subfield code="2">DE-600</subfield><subfield code="a">15-2</subfield></datafield><datafield tag="035" ind1=" " ind2=" "><subfield code="a">(DE-599)ZDB15-2</subfield></datafield><datafield tag="035" ind1=" " ind2=" "><subfield code="a">(OCoLC)310926585</subfield></datafield><datafield tag="040" ind1=" " ind2=" "><subfield code="a">9001</subfield><subfield code="b">ger</subfield><subfield code="c">DE-101</subfield><subfield code="d">9999</subfield></datafield><datafield tag="041" ind1=" " ind2=" "><subfield code="a">eng</subfield></datafield><datafield tag="044" ind1=" " ind2=" "><subfield code="c">XD-US</subfield></datafield><datafield tag="084" ind1=" " ind2=" "><subfield code="a">390</subfield><subfield code="a">300</subfield><subfield code="q">DE-600</subfield><subfield code="2">sdnb</subfield></datafield><datafield tag="245" ind1="1" ind2="0"><subfield code="a">&#x98;The&#x9c; American behavioral scientist</subfield><subfield code="n">The ABS guide to recent publications in the social and behavioral sciences</subfield></datafield><datafield tag="246" ind1="1" ind2="9"><subfield code="a">&#x98;The&#x9c; American behavioral scientist / &#x98;The &#x9c;ABS guide to recent publications in the social and behavioral sciences</subfield></datafield><datafield tag="246" ind1="1" ind2="3"><subfield code="a">&#x98;The&#x9c; ABS guide to recent publications in the social and behavioral sciences</subfield></datafield><datafield tag="260" ind1="3" ind2=" "><subfield code="a">New York, NY</subfield><subfield code="b">American Behavioral Scientist</subfield></datafield><datafield tag="260" ind1="3" ind2=" "><subfield code="a">Oxford [u.a.]</subfield><subfield code="a">Frankfurt, M.</subfield><subfield code="b">Pergamon Press</subfield></datafield><datafield tag="362" ind1="0" ind2=" "><subfield code="a">1965</subfield></datafield><datafield tag="591" ind1=" " ind2=" "><subfield code="a">F/PC</subfield></datafield><datafield tag="785" ind1="0" ind2="0"><subfield code="i">Forts.:</subfield><subfield code="t">Recent publications in the social and behavioral sciences</subfield><subfield code="w">(DE-600)1355410-4</subfield><subfield code="w">(DE-101)018543464</subfield></datafield><datafield tag="930" ind1=" " ind2=" "><subfield code="r">The ABS guide to recent publications in the social and behavioral sciences</subfield></datafield></record>