<record format="MARC21" type="Bibliographic"><leader>01040nas a2200265 c 4500</leader><controlfield tag="001">010000089</controlfield><controlfield tag="003">DE-101</controlfield><controlfield tag="005">20071204010107.0</controlfield><controlfield tag="007">tu</controlfield><controlfield tag="008">991118d19501972xxku||p|r a|| 0||||0||| c</controlfield><datafield tag="016" ind1="7" ind2=" "><subfield code="2">DE-101</subfield><subfield code="a">010000089</subfield></datafield><datafield tag="016" ind1="7" ind2=" "><subfield code="2">DE-600</subfield><subfield code="a">16-4</subfield></datafield><datafield tag="022" ind1=" " ind2=" "><subfield code="a">0001-9895</subfield></datafield><datafield tag="035" ind1=" " ind2=" "><subfield code="a">(DE-599)ZDB16-4</subfield></datafield><datafield tag="035" ind1=" " ind2=" "><subfield code="a">(OCoLC)183277958</subfield></datafield><datafield tag="040" ind1=" " ind2=" "><subfield code="a">9001</subfield><subfield code="b">ger</subfield><subfield code="c">DE-101</subfield><subfield code="d">9999</subfield></datafield><datafield tag="044" ind1=" " ind2=" "><subfield code="c">XA-GB</subfield></datafield><datafield tag="084" ind1=" " ind2=" "><subfield code="a">390</subfield><subfield code="q">DE-600</subfield><subfield code="2">sdnb</subfield></datafield><datafield tag="245" ind1="1" ind2="0"><subfield code="a">African abstracts</subfield><subfield code="b">a quarterly review of ethnographic, social, and linguistic studies appearing in current periodicals = Bulletin analytique africaniste : revue trimestr. d'études ethnologiques, sociales et linguistiques paraissant dans les périodiques du jour</subfield></datafield><datafield tag="260" ind1="3" ind2=" "><subfield code="a">London</subfield><subfield code="b">Internat. African Inst.</subfield></datafield><datafield tag="362" ind1="0" ind2=" "><subfield code="a">1.1950 - 23.1972; damit Ersch. eingest.</subfield></datafield></record></collection>